@INPROCEEDINGS{article, 
author={E. B. Putranto and P. A. Situmorang and A. S. Girsang}, 
booktitle={2016 11th International Conference on Knowledge, Information and Creativity Support Systems (KICSS)}, 
title={Face recognition using eigenface with naive Bayes}, 
year={2016},
volume={}, 
number={}, 
pages={1-4}, 
keywords={Bayes methods;eigenvalues and eigenfunctions;face recognition;feature extraction;vectors;eigenface feature extraction;face prediction;face recognition;naive Bayes;normalization z-score;Computer science;Covariance matrices;Creativity;Eigenvalues and eigenfunctions;Face;Face recognition;Testing;Eigenface;Face Recognition;Naive Bayes;z-score}, 
doi={10.1109/KICSS.2016.7951418}, 
ISSN={}, 
month={Nov},}
